@Misc{herbe,
  author = {Eric Wohllaib (Sucker Punch Productions)},
  title = {Advanced Graphics Summit: Procedural Grass in 'Ghost of Tsushima'},
  journal = {Game Developers Conference Talk},
  howpublished = {\url{https://www.gdcvault.com/play/1027033/}},
  year = {2021},
}

@Misc{perlin,
	author = {Kenneth Perlin},
	title = {An image synthesizer},
	howpublished = {\url{https://dl.acm.org/doi/10.1145/325165.325247}},
	year = {1985},
}
@Misc{blinn,
	author = {James F. Blinn},
	title = {MODELS OF LIQrHT REFLECTION
	FOR CO1PUTER SYNTHESIZED PICTURES},
	howpublished = {\url{https://dl.acm.org/doi/10.1145/563858.563893}},
	year = {1977},
}


@Misc{gribbHartman,
	author = {Gil Gribb and Klaus Hartmann},
	title = {Fast Extraction of Viewing Frustum Planes from the WorldView-Projection Matrix},
	howpublished  ={\url{https://www.gamedevs.org/uploads/fast-extraction-viewing-frustum-planes-from-world-view-projection-matrix.pdf"}},
	year = {2001},
}

@book{gerstner,
	author = {Franz Gerstner},
	title = {Theorie der Wellen},
	year = {1809},
}
@book{eau,
  author = {Randima Fernando (NVidia)},
  title = {GPU Gems},

  year = {2003},
}

@online{GJK1,
  author      = {Winterdev},
  title       = {GJK Algorithm Explanation and Implementation},
  year        = {2020},
  url         = {https://www.youtube.com/watch?v=MDusDn8oTSE},
  note        = {Courte explication de GJK},
}

@online{demoEPA,
  author      = {Winterdev},
  title       = {EPA: Collision response algorithm for 2D/3D},
  year        = {2023},
  url         = {https://winter.dev/articles/epa-algorithm},
  note        = {Démonstration du fonctionnement de EPA},
}

@online{GJK2,
  author      = {Reducible},
  title       = {A Strange But Elegant Approach to a Surprisingly Hard Problem (GJK Algorithm)},
  year        = {2021},
  url         = {https://www.youtube.com/watch?v=ajv46BSqcK4},
  note        = {Longue explication de GJK},
}

@online{force,
  author      = {Boundless},
  title       = {Collision},
  year        = {2023},
  url         = {https://phys.libretexts.org/Bookshelves/University_Physics/Physics_(Boundless)/7%3A_Linear_Momentum_and_Collisions/7.3%3A_Collisions},
  note        = {Conservation of Energy and Momentum},
}

@online{SAT,
  author      = {Hilze Vonck},
  title       = {Separating Axis Theorem (SAT) Explanation},
  year        = {2016},
  url         = {https://www.youtube.com/watch?v=Ap5eBYKlGDo&ab_channel=HilzeVonck},
  note        = {Explication SAT},
}

@online{Multiple,
  author      = {Reducible},
  title       = {Building Collision Simulations: An Introduction to Computer Graphics},
  year        = {2021},
  url         = {https://www.youtube.com/watch?v=eED4bSkYCB8&ab_channel=Reducible},
  note        = {Explication différents algo de collision et Sweep and Prunes},
}

@online{EPA,
  author      = {dyn4j},
  title       = {EPA Expanding Polytope Algorithm},
  year        = {2010},
  url         = {https://dyn4j.org/2010/05/epa-expanding-polytope-algorithm},
  note        = {Explication EPA},
}